@inproceedings{magnano.sdm14,
  author = {Chris S. Magnano and Ameet Soni and Sriraam Natarajan and Gautam Kunapuli},
  title = {A graphical model approach to {ATLAS}-free mining of {MRI} images},
  booktitle = {Proceedings of the 2014 SIAM International Conference on Data Mining},
  chapter = {109},
  pages = {974--982},
  year = 2014
}


@inproceedings{langley00,
 author    = {P. Langley},
 title     = {Crafting Papers on Machine Learning},
 year      = {2000},
 pages     = {1207--1216},
 editor    = {Pat Langley},
 booktitle     = {Proceedings of the 17th International Conference
              on Machine Learning (ICML 2000)},
 address   = {Stanford, CA},
 publisher = {Morgan Kaufmann}
}

@TechReport{mitchell80,
  author = 	 "T. M. Mitchell",
  title = 	 "The Need for Biases in Learning Generalizations",
  institution =  "Computer Science Department, Rutgers University",
  year = 	 "1980",
  address =	 "New Brunswick, MA",
}

@phdthesis{kearns89,
  author = {M. J. Kearns},
  title =  {Computational Complexity of Machine Learning},
  school = {Department of Computer Science, Harvard University},
  year =   {1989}
}

@Book{MachineLearningI,
  editor = 	 "R. S. Michalski and J. G. Carbonell and T.
		  M. Mitchell",
  title = 	 "Machine Learning: An Artificial Intelligence
		  Approach, Vol. I",
  publisher = 	 "Tioga",
  year = 	 "1983",
  address =	 "Palo Alto, CA"
}

@Book{DudaHart2nd,
  author =       "R. O. Duda and P. E. Hart and D. G. Stork",
  title =        "Pattern Classification",
  publisher =    "John Wiley and Sons",
  edition =      "2nd",
  year =         "2000"
}

@misc{anonymous,
  title= {Suppressed for Anonymity},
  author= {Author, N. N.},
  year= {2011},
}

@InCollection{Newell81,
  author =       "A. Newell and P. S. Rosenbloom",
  title =        "Mechanisms of Skill Acquisition and the Law of
                  Practice", 
  booktitle =    "Cognitive Skills and Their Acquisition",
  pages =        "1--51",
  publisher =    "Lawrence Erlbaum Associates, Inc.",
  year =         "1981",
  editor =       "J. R. Anderson",
  chapter =      "1",
  address =      "Hillsdale, NJ"
}


@Article{Samuel59,
  author = 	 "A. L. Samuel",
  title = 	 "Some Studies in Machine Learning Using the Game of
		  Checkers",
  journal =	 "IBM Journal of Research and Development",
  year =	 "1959",
  volume =	 "3",
  number =	 "3",
  pages =	 "211--229"
}

@Article{lda,
    author = {David M. Blei and Andrew Y. Ng and Michael I. Jordan},
    title = {Latent Dirichlet Allocation},
    journal = {Journal of Machine Learning Research},
    year = {2003},
    volume = {3},
    pages = {993--1022},
}

@Article{nnmf,
    author = {Daniel D. Lee and Sebastian H. Seung},
    title = {Learning the parts of objects by non-negative matrix factorization},
    journal = {Nature},
    year = {1999},
    volume = {401},
    pages = {788--791},
}

@Article{lstm,
    author = {Sepp Hochreiter and J\"urgen Schmidhuber},
    title = {Long Short-Term Memory},
    journal = {Neural Computation},
    year = {1997},
    volume = {9},
    number = {8},
    pages = {1735--1780},
}

@inproceedings{hmm,
  title={Discriminatively trained markov model for sequence classification},
  author={Yakhnenko, Oksana and Silvescu, Adrian and Honavar, Vasant},
  booktitle={Data Mining, Fifth IEEE International Conference on},
  pages={8--pp},
  year={2005},
  organization={IEEE}
}

@Article{word2vec,
  author    = {Tomas Mikolov and
               Kai Chen and
               Greg Corrado and
               Jeffrey Dean},
  title     = {Efficient Estimation of Word Representations in Vector Space},
  journal   = {CoRR},
  volume    = {abs/1301.3781},
  year      = {2013},
  url       = {http://arxiv.org/abs/1301.3781},
  archivePrefix = {arXiv},
  eprint    = {1301.3781},
  timestamp = {Wed, 07 Jun 2017 14:42:25 +0200},
  biburl    = {http://dblp.org/rec/bib/journals/corr/abs-1301-3781},
  bibsource = {dblp computer science bibliography, http://dblp.org}
}

@misc{chollet2015keras,
  title={Keras},
  author={Chollet, Fran\c{c}ois and others},
  year={2015},
  publisher={GitHub},
  howpublished={\url{https://github.com/fchollet/keras}},
}

@misc{neuralnetwork,
 author  = {Glosser.ca},
 title   = {Colored neural network},
 year    = {2013},
 urlseen = {2017-12-16},
 url     = {https://commons.wikimedia.org/wiki/File%3AColored_neural_network.svg},
}

@misc{hiddenmarkovmodel,
 author  = {Tdunning},
 title   = {HiddenMarkovModel},
 year = {unknown},
 urlseen = {2017-12-16},
 url     = {https://commons.wikimedia.org/wiki/File:HiddenMarkovModel.svg},
}
